<collection xmlns="http://www.loc.gov/MARC21/slim">
<record>
  <leader>00815nam0a2200217 i 450 </leader>
  <controlfield tag="001">IT\ICCU\CNCE\077489</controlfield>
  <controlfield tag="005">20160309000000.0</controlfield>
  <datafield tag="012" ind1=" " ind2=" ">
    <subfield code="a">s.ni e-os u*em e-ho (C) 1511 (Q)</subfield>
    <subfield code="2">fei</subfield>
  </datafield>
  <datafield tag="100" ind1=" " ind2=" ">
    <subfield code="a">20120702f1511        0itac0103    ba</subfield>
  </datafield>
  <datafield tag="101" ind1=" " ind2=" ">
    <subfield code="a">LAT</subfield>
  </datafield>
  <datafield tag="102" ind1=" " ind2=" ">
    <subfield code="a">IT</subfield>
  </datafield>
  <datafield tag="200" ind1="1" ind2=" ">
    <subfield code="a">Bulla intimationis generalis Concilii apud Lateranum per s.d.n. Iulium papam II edita</subfield>
  </datafield>
  <datafield tag="210" ind1=" " ind2=" ">
    <subfield code="d">\1511?!</subfield>
  </datafield>
  <datafield tag="215" ind1=" " ind2=" ">
    <subfield code="a">\8! c.</subfield>
    <subfield code="c">ill.</subfield>
    <subfield code="d">4ʻ</subfield>
  </datafield>
  <datafield tag="300" ind1=" " ind2=" ">
    <subfield code="a">Data di emanazione: Roma, 18 luglio 1511</subfield>
  </datafield>
  <datafield tag="710" ind1="1" ind2="2">
    <subfield code="a">Concilio Lateranense</subfield>
    <subfield code="c"> &lt;5.</subfield>
    <subfield code="c"> ; 1512-1517&gt;</subfield>
    <subfield code="3">IT\ICCU\CNCA\003436</subfield>
  </datafield>
  <datafield tag="702" ind1=" " ind2="0">
    <subfield code="a">Iulius</subfield>
    <subfield code="c"> &lt;papa</subfield>
    <subfield code="c"> ; 2.&gt;</subfield>
    <subfield code="3">IT\ICCU\CNCA\003147</subfield>
  </datafield>
  <datafield tag="712" ind1="0" ind2="2">
    <subfield code="a">s.n.</subfield>
    <subfield code="3">IT\ICCU\CNCT\000002</subfield>
    <subfield code="4">650</subfield>
  </datafield>
  <datafield tag="790" ind1=" " ind2="1">
    <subfield code="a">Della_Rovere,</subfield>
    <subfield code="b">Giuliano</subfield>
    <subfield code="3">IT\ICCU\CNCA\014541</subfield>
    <subfield code="z">Iulius &lt;papa ; 2.&gt;</subfield>
  </datafield>
  <datafield tag="801" ind1=" " ind2="3">
    <subfield code="a">IT</subfield>
    <subfield code="b">ICCU</subfield>
    <subfield code="c">20201115</subfield>
  </datafield>
  <datafield tag="899" ind1=" " ind2=" ">
    <subfield code="a">Biblioteca universitaria. Pavia</subfield>
    <subfield code="1">PV0291</subfield>
    <subfield code="2">MIL UP</subfield>
  </datafield>
</record>
</collection>
